<record><leader>00000cas a22000007a 4500</leader><controlfield tag="001">37710332</controlfield><controlfield tag="008">970930d19141930ncumr ne      0    0eng d</controlfield><datafield ind1=" " ind2=" " tag="010"><subfield code="a">sn 97064564 </subfield></datafield><datafield ind1=" " ind2=" " tag="040"><subfield code="a">NVJ</subfield><subfield code="b">eng</subfield><subfield code="c">NVJ</subfield><subfield code="d">OCLCQ</subfield></datafield><datafield ind1=" " ind2=" " tag="019"><subfield code="a">24839162</subfield></datafield><datafield ind1=" " ind2=" " tag="042"><subfield code="a">msc</subfield></datafield><datafield ind1="0" ind2=" " tag="130"><subfield code="a">Lash (Moravian Falls, N.C.)</subfield></datafield><datafield ind1="1" ind2="4" tag="245"><subfield code="a">The Lash.</subfield></datafield><datafield ind1=" " ind2=" " tag="260"><subfield code="a">Moravian Falls, N.C. :</subfield><subfield code="b">Leonard B. Laws</subfield></datafield><datafield ind1=" " ind2=" " tag="300"><subfield code="a">v.</subfield></datafield><datafield ind1=" " ind2=" " tag="310"><subfield code="a">Monthly</subfield></datafield><datafield ind1="0" ind2=" " tag="362"><subfield code="a">Vol. 5, no. 7 (Nov. 1914)-v. 15, no. 1 (Jan. 1925) ; 15th yr., no. 2 (Feb. 1925)-20th yr., no. 7 (Dec. 1930).</subfield></datafield><datafield ind1=" " ind2=" " tag="752"><subfield code="a">United States</subfield><subfield code="b">North Carolina</subfield><subfield code="c">Wilkes</subfield><subfield code="d">Moravian Falls.</subfield></datafield><datafield ind1="0" ind2="0" tag="780"><subfield code="t">Law's lash</subfield><subfield code="w">(DLC)sn 97064563</subfield></datafield></record>